@article{lee1990u,
  title={U-Statistics: Theory and Practice. Statistics: Textbooks and Monographs 110},
  author={Lee, Alan J},
  journal={Dekker, New York. MR},
  volume={10754},
  pages={17},
  year={1990}
}
@article{bebu2015large,
  title={Large sample inference for a win ratio analysis of a composite outcome based on prioritized components},
  author={Bebu, Ionut and Lachin, John M},
  journal={Biostatistics},
  volume={17},
  number={1},
  pages={178--187},
  year={2015},
  publisher={Oxford University Press}
}
@article{buyse2010generalized,
  title={Generalized pairwise comparisons of prioritized outcomes in the two-sample problem},
  author={Buyse, Marc},
  journal={Statistics in medicine},
  volume={29},
  number={30},
  pages={3245--3257},
  year={2010},
  publisher={Wiley Online Library}
}
