@article{anderson2023exact,
  title={Exact permutation and bootstrap distribution of generalized pairwise comparisons statistics},
  author={Anderson, William N and Verbeeck, Johan},
  journal={Mathematics},
  volume={11},
  number={6},
  pages={1502},
  year={2023},
  publisher={MDPI}
}
