@article{lee1990u,
  title={U-Statistics: Theory and Practice. Statistics: Textbooks and Monographs 110},
  author={Lee, Alan J},
  journal={Dekker, New York. MR},
  volume={10754},
  pages={17},
  year={1990}
}
