@article{matsouaka2022robust,
  title={Robust statistical inference for matched win statistics},
  author={Matsouaka, Roland A},
  journal={Statistical Methods in Medical Research},
  volume={31},
  number={8},
  pages={1423--1438},
  year={2022},
  publisher={SAGE Publications Sage UK: London, England}
}
@article{lumley2016characterising,
  title={Characterising transitive two-sample tests},
  author={Lumley, Thomas and Gillen, Daniel L},
  journal={Statistics \& Probability Letters},
  volume={109},
  pages={118--123},
  year={2016},
  publisher={Elsevier}
}
@article{thangavelu2007wilcoxon,
  title={Wilcoxon--Mann--Whitney test for stratified samples and Efron's paradox dice},
  author={Thangavelu, Karthinathan and Brunner, Edgar},
  journal={Journal of Statistical Planning and Inference},
  volume={137},
  number={3},
  pages={720--737},
  year={2007},
  publisher={Elsevier}
}
