@article{bebu2015large,
  title={Large sample inference for a win ratio analysis of a composite outcome based on prioritized components},
  author={Bebu, Ionut and Lachin, John M},
  journal={Biostatistics},
  volume={17},
  number={1},
  pages={178--187},
  year={2015},
  publisher={Oxford University Press}
}
@article{buyse2010generalized,
  title={Generalized pairwise comparisons of prioritized outcomes in the two-sample problem},
  author={Buyse, Marc},
  journal={Statistics in medicine},
  volume={29},
  number={30},
  pages={3245--3257},
  year={2010},
  publisher={Wiley Online Library}
}
@article{peron2018extension,
  title={An extension of generalized pairwise comparisons for prioritized outcomes in the presence of censoring},
  author={P{\'e}ron, Julien and Buyse, Marc and Ozenne, Brice and Roche, Laurent and Roy, Pascal},
  journal={Statistical methods in medical research},
  volume={27},
  number={4},
  pages={1230--1239},
  year={2018},
  publisher={SAGE Publications Sage UK: London, England}
}
@article{luo2015alternative,
  title={An alternative approach to confidence interval estimation for the win ratio statistic},
  author={Luo, Xiaodong and Tian, Hong and Mohanty, Surya and Tsai, Wei Yann},
  journal={Biometrics},
  volume={71},
  number={1},
  pages={139--145},
  year={2015},
  publisher={Wiley Online Library}
}
@article{dong2016generalized,
  title={A generalized analytic solution to the win ratio to analyze a composite endpoint considering the clinical importance order among components},
  author={Dong, Gaohong and Li, Di and Ballerstedt, Steffen and Vandemeulebroecke, Marc},
  journal={Pharmaceutical statistics},
  volume={15},
  number={5},
  pages={430--437},
  year={2016},
  publisher={Wiley Online Library}
}
@article{wang2011win,
  title={The win ratio: a new approach to the analysis of composite endpoints in clinical trials based on clinical priorities},
  author={Wang, Duolao and Ariti, Con and Collier, Tim and Pocock, Stuart},
  journal={Trials},
  volume={12},
  number={S1},
  pages={A69},
  year={2011},
  publisher={Springer}
}
