@article{buyse2010generalized,
  title={Generalized pairwise comparisons of prioritized outcomes in the two-sample problem},
  author={Buyse, Marc},
  journal={Statistics in medicine},
  volume={29},
  number={30},
  pages={3245--3257},
  year={2010},
  publisher={Wiley Online Library}
}
@article{peron2018extension,
  title={An extension of generalized pairwise comparisons for prioritized outcomes in the presence of censoring},
  author={P{\'e}ron, Julien and Buyse, Marc and Ozenne, Brice and Roche, Laurent and Roy, Pascal},
  journal={Statistical methods in medical research},
  volume={27},
  number={4},
  pages={1230--1239},
  year={2018},
  publisher={SAGE Publications Sage UK: London, England}
}
@article{verbeeck2019generalized,
  title={Generalized pairwise comparison methods to analyze (non) prioritized composite endpoints},
  author={Verbeeck, J and Spitzer, E and de Vries, T and van Es, GA and Anderson, WN and Van Mieghem, NM and Leon, MB and Molenberghs, G and Tijssen, J},
  journal={Statistics in medicine},
  year={2019},
  publisher={Wiley Online Library}
}
@article{peron2021correcting,
  title={Correcting the bias of the net benefit estimator due to right-censored observations},
  author={P{\'e}ron, Julien and Idlhaj, Maryam and Maucort-Boulch, Delphine and Giai, Joris and Roy, Pascal and Collette, Laurence and Buyse, Marc and Ozenne, Brice},
  journal={Biometrical Journal},
  volume={63},
  number={4},
  pages={893--906},
  year={2021},
  publisher={Wiley Online Library}
}
@article{dong2018stratified,
  title={The stratified win ratio},
  author={Dong, Gaohong and Qiu, Junshan and Wang, Duolao and Vandemeulebroecke, Marc},
  journal={Journal of biopharmaceutical statistics},
  volume={28},
  number={4},
  pages={778--796},
  year={2018},
  publisher={Taylor \& Francis}
}
@book{brunner2018rank,
  title={Rank and pseudo-rank procedures for independent observations in factorial designs},
  author={Brunner, Edgar and Bathke, Arne C and Konietschke, Frank},
  year={2018},
  publisher={Springer}
}
@article{ozenne2021asymptotic,
  title={The asymptotic distribution of the Net Benefit estimator in presence of right-censoring},
  author={Ozenne, Brice and Budtz-J{\o}rgensen, Esben and P{\'e}ron, Julien},
  journal={Statistical methods in medical research},
  volume={30},
  number={11},
  pages={2399--2412},
  year={2021},
  publisher={SAGE Publications Sage UK: London, England}
}
@article{ajufo2023fallacies,
  title={Fallacies of using the win ratio in cardiovascular trials: challenges and solutions},
  author={Ajufo, Ezimamaka and Nayak, Aditi and Mehra, Mandeep R},
  journal={Basic to Translational Science},
  volume={8},
  number={6},
  pages={720--727},
  year={2023},
  publisher={American College of Cardiology Foundation Washington DC}
}
@article{piffoux2024restricted,
  title={Restricted Net Treatment Benefit in oncology},
  author={Piffoux, Max and Ozenne, Brice and De Backer, Micka{\"e}l and Buyse, Marc and Chiem, Jean-Christophe and P{\'e}ron, Julien},
  journal={Journal of Clinical Epidemiology},
  volume={170},
  pages={111340},
  year={2024},
  publisher={Elsevier}
}
