@article{buyse2010generalized,
  title={Generalized pairwise comparisons of prioritized outcomes in the two-sample problem},
  author={Buyse, Marc},
  journal={Statistics in medicine},
  volume={29},
  number={30},
  pages={3245--3257},
  year={2010},
  publisher={Wiley Online Library}
}
